@inproceedings{c3,
  title={A hybrid regression technique for house prices prediction},
  author={Lu, Sifei and Li, Zengxiang and Qin, Zheng and Yang, Xulei and Goh, Rick Siow Mong},
  booktitle={2017 IEEE International Conference on Industrial Engineering and Engineering Management (IEEM)},
  pages={319--323},
  year={2017},
  organization={IEEE}
}
@article{kumar2019house,
  title={House Rent Price Prediction},
  author={Kumar, Adarsh},
  year={2019}
}
@article{park2015using,
  title={Using machine learning algorithms for housing price prediction: The case of Fairfax County, Virginia housing data},
  author={Park, Byeonghwa and Bae, Jae Kwon},
  journal={Expert systems with applications},
  volume={42},
  number={6},
  pages={2928--2934},
  year={2015},
  publisher={Elsevier}
}